<?xml version="1.0" encoding="UTF-8"?><record xmlns="http://www.loc.gov/MARC21/slim" xmlns:cinclude="http://apache.org/cocoon/include/1.0" xmlns:zs="http://www.loc.gov/zing/srw/">
  <leader>01264cz  a2200253n  4500</leader>
  <controlfield tag="001">nr 93016611 </controlfield>
  <controlfield tag="003">DLC</controlfield>
  <controlfield tag="005">20130314100927.0</controlfield>
  <controlfield tag="008">930504n| acannaab           |a aaa     c</controlfield>
  <datafield tag="010" ind1=" " ind2=" ">
    <subfield code="a">nr 93016611 </subfield>
  </datafield>
  <datafield tag="035" ind1=" " ind2=" ">
    <subfield code="a">(Uk)tb024619</subfield>
  </datafield>
  <datafield tag="040" ind1=" " ind2=" ">
    <subfield code="a">Uk/ESTC-NA</subfield>
    <subfield code="b">eng</subfield>
    <subfield code="c">ESTC-NA</subfield>
    <subfield code="d">DLC</subfield>
  </datafield>
  <datafield tag="046" ind1=" " ind2=" ">
    <subfield code="f">1742~</subfield>
    <subfield code="g">1795</subfield>
    <subfield code="2">edtf</subfield>
  </datafield>
  <datafield tag="100" ind1="1" ind2=" ">
    <subfield code="a">Clarke, Kitty,</subfield>
    <subfield code="c">Lady,</subfield>
    <subfield code="d">approximately 1742-1795</subfield>
  </datafield>
  <datafield tag="400" ind1="1" ind2=" ">
    <subfield code="w">nnea</subfield>
    <subfield code="a">Clarke, Kitty,</subfield>
    <subfield code="c">Lady,</subfield>
    <subfield code="d">ca. 1742-1795</subfield>
  </datafield>
  <datafield tag="400" ind1="1" ind2=" ">
    <subfield code="a">Hunter, Elizabeth Catherine,</subfield>
    <subfield code="d">approximately 1742-1795</subfield>
  </datafield>
  <datafield tag="400" ind1="1" ind2=" ">
    <subfield code="a">Hunter, Kitty,</subfield>
    <subfield code="d">approximately 1742-1795</subfield>
  </datafield>
  <datafield tag="400" ind1="0" ind2=" ">
    <subfield code="a">Young woman of fashion,</subfield>
    <subfield code="d">approximately 1742-1795</subfield>
  </datafield>
  <datafield tag="667" ind1=" " ind2=" ">
    <subfield code="a">THIS 1XX FIELD CANNOT BE USED UNDER RDA UNTIL THIS RECORD HAS BEEN REVIEWED AND/OR UPDATED</subfield>
  </datafield>
  <datafield tag="667" ind1=" " ind2=" ">
    <subfield code="a">Data provided by the ESTC/BL</subfield>
  </datafield>
  <datafield tag="667" ind1=" " ind2=" ">
    <subfield code="a">Cannot identify with Elizabeth Hunter, 18th cent.</subfield>
  </datafield>
  <datafield tag="670" ind1=" " ind2=" ">
    <subfield code="a">Pembroke, H. Four genuine letters, which lately passed between a noble lord, and a young woman of fashion, 1762?</subfield>
  </datafield>
  <datafield tag="670" ind1=" " ind2=" ">
    <subfield code="a">ESTC/BL files</subfield>
    <subfield code="b">(Kitty Hunter, afterwards Lady Clarke; Henry Herbert eloped with her in 1762 but later returned to his wife)</subfield>
  </datafield>
  <datafield tag="670" ind1=" " ind2=" ">
    <subfield code="a">Pembroke, H. Henry, Elizabeth and George, 1939:</subfield>
    <subfield code="b">p. 31-5, 248 (Hunter, Kitty; bap. Elizabeth Catherine; ca. 1742-1795; 1770 mar. Field Marshal Sir Alwed Clarke)</subfield>
  </datafield>
</record>